@article{roberts1994people,
  title={Why do people use figurative language?},
  author={Roberts, Richard M and Kreuz, Roger J},
  journal={Psychological Science},
  volume={5},
  number={3},
  pages={159--163},
  year={1994},
  publisher={SAGE Publications}
}

@article{colston2000contrast,
  title={Contrast of kind versus contrast of magnitude: The pragmatic accomplishments of irony and hyperbole},
  author={Colston, Herbert L and O'Brien, Jennifer},
  journal={Discourse Processes},
  volume={30},
  number={2},
  pages={179--199},
  year={2000},
  publisher={Taylor \& Francis}
}

@article{gibbs2000irony,
  title={Irony in talk among friends},
  author={Gibbs, Raymond W},
  journal={Metaphor and symbol},
  volume={15},
  number={1-2},
  pages={5--27},
  year={2000},
  publisher={Taylor \& Francis}
}

@article{colston1997ve,
  title={``I've Never Seen Anything Like It": Overstatement, Understatement, and Irony},
  author={Colston, Herbert L},
  journal={Metaphor and Symbol},
  volume={12},
  number={1},
  pages={43--58},
  year={1997},
  publisher={Taylor \& Francis}
}

@article{colston1997salting,
  title={Salting a wound or sugaring a pill: The pragmatic functions of ironic criticism},
  author={Colston, Herbert L},
  journal={Discourse Processes},
  volume={23},
  number={1},
  pages={25--45},
  year={1997},
  publisher={Taylor \& Francis}
}

@article{russell1980circumplex,
  title={A circumplex model of affect.},
  author={Russell, James A},
  journal={Journal of personality and social psychology},
  volume={39},
  number={6},
  pages={1161},
  year={1980},
  publisher={American Psychological Association}
}

@book{sutton1998reinforcement,
  title={Reinforcement learning: An introduction},
  author={Sutton, Richard S and Barto, Andrew G},
  volume={1},
  number={1},
  year={1998},
  publisher={Cambridge Univ Press}
}


@article{grice20134,
  title={Logic and conversation},
  author={Grice, H Paul},
  journal={The Semantics-Pragmatics Boundary in Philosophy},
  pages={47},
  year={1967},
  publisher={Broadview Press}
}

@article{wilson2006pragmatics,
  title={The pragmatics of verbal irony: Echo or pretence?},
  author={Wilson, Deirdre},
  journal={Lingua},
  volume={116},
  number={10},
  pages={1722--1743},
  year={2006},
  publisher={Elsevier}
}

@article{sperber1981irony,
  title={Irony and the use-mention distinction},
  author={Sperber, Dan and Wilson, Deirdre},
  journal={Radical pragmatics},
  volume={49},
  year={1981},
  publisher={New York: Academic Press}
}

@article{frank2012predicting,
  title={Predicting pragmatic reasoning in language games},
  author={Frank, Michael C and Goodman, Noah D},
  journal={Science},
  volume={336},
  number={6084},
  pages={998--998},
  year={2012},
  publisher={American Association for the Advancement of Science}
}

@article{goodman2013knowledge,
  title={Knowledge and implicature: Modeling language understanding as social cognition},
  author={Goodman, Noah D and Stuhlm{\"u}ller, Andreas},
  journal={Topics in cognitive science},
  volume={5},
  number={1},
  pages={173--184},
  year={2013},
  publisher={Wiley Online Library}
}

@article{williams1984does,
  title={Does mention (or pretense) exhaust the concept of irony?},
  author={Williams, Joanna P},
  journal={Journal of Experimental Psychology: General},
  year={1984},
  publisher={American Psychological Association}
}

@article{kao2014nonliteral,
  title={Nonliteral understanding of number words},
  author={Kao, Justine T and Wu, Jean Y and Bergen, Leon and Goodman, Noah D},
  journal={Proceedings of the National Academy of Sciences},
  volume={111},
  number={33},
  pages={12002--12007},
  year={2014},
  publisher={National Acad Sciences}
}

@inproceedings{kao2014formalizing,
  title={Formalizing the pragmatics of metaphor understanding},
  author={Kao, Justine T and Bergen, Leon and Goodman, Noah D},
  booktitle={Proceedings of the 36th Annual Meeting of the Cognitive Science Society},
  year={2014}
}

@article{clark1984pretense,
  title={On the pretense theory of irony.},
  author={Clark, Herbert H and Gerrig, Richard J},
  year={1984},
  publisher={American Psychological Association}
}

@article{jorgensen1984test,
  title={Test of the mention theory of irony.},
  author={Jorgensen, Julia and Miller, George A and Sperber, Dan},
  journal={Journal of Experimental Psychology: General},
  volume={113},
  number={1},
  pages={112},
  year={1984},
  publisher={American Psychological Association}
}

@article{leggitt2000emotional,
  title={Emotional reactions to verbal irony},
  author={Leggitt, John S and Gibbs, Raymond W},
  journal={Discourse processes},
  volume={29},
  number={1},
  pages={1--24},
  year={2000},
  publisher={Taylor \& Francis}
}

@article{colston1998you,
  title={You'll never believe this: Irony and hyperbole in expressing surprise},
  author={Colston, Herbert L and Keller, Shauna B},
  journal={Journal of psycholinguistic research},
  volume={27},
  number={4},
  pages={499--513},
  year={1998},
  publisher={Springer}
}

@article{kreuz1995two,
  title={Two cues for verbal irony: Hyperbole and the ironic tone of voice},
  author={Kreuz, Roger J and Roberts, Richard M},
  journal={Metaphor and symbol},
  volume={10},
  number={1},
  pages={21--31},
  year={1995},
  publisher={Taylor \& Francis}
}

@article{wallacehumans,
  title={Humans Require Context to Infer Ironic Intent (so Computers Probably do, too)},
  year={2014},
  journal={ACL},
  author={Wallace, Byron C and Do Kook Choe, Laura Kertz and Charniak, Eugene}
}

@inproceedings{gonzalez2011identifying,
  title={Identifying sarcasm in Twitter: a closer look},
  author={Gonz{\'a}lez-Ib{\'a}{\~n}ez, Roberto and Muresan, Smaranda and Wacholder, Nina},
  booktitle={Proceedings of the 49th Annual Meeting of the Association for Computational Linguistics: Human Language Technologies: short papers-Volume 2},
  pages={581--586},
  year={2011},
  organization={Association for Computational Linguistics}
}

@inproceedings{davidov2010semi,
  title={Semi-supervised recognition of sarcastic sentences in twitter and amazon},
  author={Davidov, Dmitry and Tsur, Oren and Rappoport, Ari},
  booktitle={Proceedings of the Fourteenth Conference on Computational Natural Language Learning},
  pages={107--116},
  year={2010},
  organization={Association for Computational Linguistics}
}

@inproceedings{filatova2012irony,
  title={Irony and Sarcasm: Corpus Generation and Analysis Using Crowdsourcing.},
  author={Filatova, Elena},
  booktitle={LREC},
  pages={392--398},
  year={2012}
}
